/Users/markant/Google Drive/library.bib